%@string{jfm = "Journal of Fluid Mechanics"}
@string{jfm = "J. Fluid Mech."}
%@string{jas = "Journal of Atmospheric Sciences"}
@string{jas = "J. Atmos. Sci."}
%@string{blm = "Boundary Layer Meteorology"}
@string{blm = "Boundary-Layer Meteorol."}
%@string{awr = "Advances in Water Resources"}
@string{awr = "Adv. Water Res."}
%@string{jgr = "Journal of Geophysical Research"}
@string{jgr = "J. Geophys. Res."}
%@string{jgrl = "Journal of Geophysical Research Letters"}
@string{jgrl = "J. Geophys. Res. Letters"}
%@string{pas = "Progress in Aerospace Science"}
@string{pas = "Prog. Aerospace Sci."}
%@string{arfm = "Annual Reviews of Fluid Mechanics"}
@string{arfm = "Ann. Rev. Fluid Mech."}
%@string{tsf = "Turbulent Shear Flows"}
@string{tsf = "Turb. Shear Flows"}
%@string{pf = "Physics of Fluids"}
@string{pf = "Phys. Fluids"}
%@string{pfa = "Physics of Fluids A"}
@string{pfa = "Phys. Fluids A"}
%@string{qjrms = "Quarterly Journal of the Royal Meteorology Society"}
@string{qjrms = "Quart. J. Roy. Meteorol. Soc."} 
%@string{rg = "Reviews in Geophysics"}
@string{rg = "Rev. Geophys."}
%@string{wrr = "Water Resources Research"}
@string{wrr = "Water Resources Res."}
%@string{mwr = "Monthly Weather Review"}
@string{mwr = "Mon. Weat. Rev."}
%@string{jcp = "Journal of Computational Physics"}
@string{jcp = "J. Comp. Phys."}
%@string{ftc = "Flow, Turbulence and Combustion"}
@string{ftc = "Flow, Turbul. Combust."}
%@string{ag = "Advances in Geophysics"}
@string{ag = "Adv. Geophys."}
%@string{ef = "Experiments in Fluids"}
@string{ef = "Exp. Fluids"}
%@string{njp = "New Journal of Physics"}
@string{njp = "New J. Phys."}
%@string{jot = "Journal of Turbulence"}
@string{jot = "J. of Turbul."}
%@string{jam = "Journal of Applied Meteorology"}
@string{jam = "J. Appl. Meteorol."}
%@string{jap = "Journal of Applied Physics"}
@string{jap = "J. Appl. Phys."}
%@string{efm = "Environmental Fluid Mechanics"}
@string{efm = "Environ. Fluid Mech."}
%@string{tcfd = "Theorettical and Computational Fluid Dynamics"}
@string{tcfd = "Theoret. Comput. Fluid Dynamics"}
%@string{ae = "Atmospheric Environment"}
@string{ae = "Atmos. Environ."}
%@string{jh = "Journal of Hydrology"}
@string{jh = "J. of Hydrol."}
%@string{jfe = "Journal of Fluids Engineering"}
@string{jfe = "J. Fluids Eng."}
%@string{AIAAP = "American Institute of Aeronautics and Astronautics Paper"}
@string{AIAAP = "Am. Inst. Aeronaut. Astronaut. Pap."}
 %@string{pre = "Physical Review E"}
@string{pre = "Phys. Rev. E"}

@article{Anderson99,
author = {Anderson, Richard and Meneveau, Charles},
title = {Effects of Similarity Model in Finite-Difference {LES} of Isotropic Turbulence
         Using a {L}agrangian Dynamic Mixed Model},
journal = ftc,
year = {1999},
volume = {62},
pages = {201--225}
}

@article{Armenio00,
author = {Armenio, V and Piomelli, Ugo},
title = {Applications of a {L}agrangian Mixed Model in Generalized Coordinates},
journal = ftc,
year = {2000},
volume = {65},
pages = {51--81}
}

@article{BouZeid08,
author = {Bou-Zeid, Elie and Higgins, Chad and Huwald, Hendrik and Meneveau, Charles and Parlange, Marc },
title = {Field study of the dynamics and modelling of subgrid-scale turbulence in a stable atmospheric surface layer over a glacier},
journal = jfm,
year = {2010},
volume = {665},
pages = {480--515}
}

@article{BouZeid10,
author = {Bou-Zeid, Elie and Vercauteren, Nikki and Parlange, Marc and Meneveau, Charles},
title = {Scale Dependence of Subgrid-Scale Model Coefficients: An {\it a priori} Study},
journal = pf,
year = {2008},
volume = {20},
pages = {115106}
}

@article{Deardorff70,
author = {Deardorff, James W.},
title = {A Numerical Study of Three-Dimensional Turbulent Channel Flow at Large 
         {R}eynolds Numbers},
journal = jfm,
year ={1970},
volume = {41},
pages = {453--480}
}

@article{Deardorff73,
author = {Deardorff, James W.},
title = {The Use of Subgrid Transport Equations in a Three-Dimensional Model of 
         Atmospheric Turbulence},
journal = jfe,
year ={1973},
volume = {95},
pages = {429--438}
}

@article{Germano91,
author = {Germano, Massimo and Piomelli, Ugo and Parviz, Moin and Cabot, William H.},
title = {A Dynamic Subgrid-Scale Eddy Viscosity Model},
journal = pfa,
year = {1991},
volume = {3(7)},
pages = {1760--1765}
}

@article{Germano92,
author = {Germano, Massimo},
title = {Turbulence: the Filtering Approach},
journal = jfm,
year = {1992},
volume = {238},
pages = {325--336}
}

@book{Geurts04,
author = {Geurts, Bernard},
title = {Elements of Direct and Large-Eddy Simulations},
publisher = {R.~T. Edwards},
address = {Philadelphia},
year = {2004},
pages = {329}
}

@article{Ghosal95,
author = {Ghosal, Sandip and Lund, Thomas S. and Moin, Parviz and Akselvoll, Knut},
title = {A Dynamic Localization Model for Large-Eddy Simulation of Turbulent Flows},
journal = jfm,
year = {1995},
volume = {286},
pages = {229--255}
}

@article{Hong12,
author = {Hong, Jiarong and Katz, Joseph and Meneveau, Charles and Schultz, Michael},
title = {Coherent Structures and Associated Subgrid-Scale Energy Transfer in a Rough-Wall Turbulent Channel Flow},
journal = jfm,
year = {2012},
volume = {712},
pages = {92--128}
}


@article{Kolmog41,
author = {Kolmogorov, A. N.},
title = {The Local Structure of Turbulence in Incompressible Viscous Fluid for Very Large 
         {R}eynold Number},
journal = {Dokl. Akad. Nauk SSSR},
year = {1941},
volume = {30},
pages = {299--303},
note = {(English translation, {\it Proc. R. Soc. London, Ser. A}, {\it 434}, 9--13, 1991.)}
} 

@book{Lesieur05,
author = {Lesieur, Marcel and Metais, Olivier and Comte, Pierre},
title = {Large-Eddy Simulations of Turbulence},
publisher = {Cambridge University Press},
address = {U.~K.},
year = {2005},
pages = {219}
}

@inproceedings{Lilly67,
author = {Lilly, D. K.},
title = {The Representation of Small-Scale Turbulence in Numerical Simulation Experiments},
booktitle = {In Proc. IBM Scientific Computing Symposium on Environmental Sciences},
year = {1967},
publisher = {IBM Data Process. Div.},
address = {White Plains, N.~Y.},
pages = {195}
}

@article{Lilly92,
author = {Lilly, D. K.},
title = {A Proposed Modification of the {G}ermano Subgrid-Scale Closure Method},
journal = pfa,
year = {1992},
volume = {4(3)},
pages = {633--635}
}

@article{Mason92,
author = {Mason, P. J. and Thomson, D. J.},
title = {Stochastic Backscatter in Large-Eddy Simulations of Boundary Layers},
journal = jfm,
year = {1992},
volume = {242},
pages = {51--78}
}

@article{Mason94,
author = {Mason, P.~J.},
title = {Large-Eddy Simulation: A Critical Review of the Technique},
journal = qjrms,
year = {1994},
volume = {120},
pages = {1--26}
}

@article{Mason99,
author = {Mason, P.~J. and Brown, A. R.},
title = {On Subgrid Models and Filter Operations in Large-Eddy Simulations},
journal = jas,
year = {1999},
volume = {56},
pages = {2101--2114}
}

@article{Metais92,
author = {M\'{e}tais, O. and Lesieur, M.},
title = {Spectral Large-Eddy Simulations of Isotropic and Stably-Stratified Turbulence},
journal = jfm,
year = {1992},
volume = {239},
pages = {157--194}
}

@article{Menev96,
author = {Meneveau, Charles and Lund, Thomas S. and Cabot, William H.},
title = {A {L}agrangian Dynamic Subgrid-Scale Model of Turbulence},
journal = jfm,
year = {1996},
volume = {319},
pages = {353--385}
}

@article{Menev97,
author = {Meneveau, Charles and Lund, Thomas S.},
title = {The Dynamic {S}magorinsky Model and Scale-Dependent Coefficients in the
         Viscous Range of Turbulence},
journal = pf,
year = {1997},
volume = {9(12)},
pages = {3932--3934}
}

@article{Menev00,
author = {Meneveau, Charles and Katz, Joseph},
title = {Scale-Invariance and Turbulence Models for Large-Eddy Simulation},
journal = arfm,
year = {2000},
volume = {32},
pages = {1--32}
}

@article{Moin91,
author = {Moin, P. and Squires, W. and Cabot, W. and Lee, S.},
title = {A Dynamic Subgrid-Scale Model for Compressible Turbulence and Scalar Transport},
journal = pfa,
year = {1991},
volume = {3(11)},
pages = {2746--2756}
}

@book{Pope00,
author = {Pope, Stephen},
title = {Turbulent Flows},
publisher = {Cambridge University Press},
address = {U.~K.},
year = {2000},
pages = {771}
}

@article{Pope04,
author = {Pope, Stephen},
title = {Ten Questions Concerning the Large-Eddy Simulation of Turbulent Flows},
journal = njp,
year = {2004},
volume = {6},
pages = {35}
}

@article{Piomelli93,
author = {Piomelli, Ugo},
title = {High {R}eynolds Number Calculations Using the Dynamic Subgrid-Scale Stress Model},
journal = pfa,
year = {1993},
volume = {5},
pages = {1484--1490}
}

@article{Piomelli02,
author = {Piomelli, Ugo and Balaras, Elias},
title = {Wall-Layer Models for Large-Eddy Simulations},
journal = arfm,
year = {2002},
volume = {34},
pages = {349--374}
}

@article{FPA00,
author = {Port{\'{e}}-Agel, Fernando and Meneveau, Charles and Parlange, Marc B.},
title = {A Scale-Dependent Dynamic Model for Large-Eddy Simulations: Application to a
         Neutral Atmospheric Boundary Layer},
journal = jfm,
year = {2000},
volume = {415},
pages = {261--284}
}

@article{FPA04,
author = {Port{\'{e}}-Agel, Fernando},
title = {A Scale-Dependent Dynamic Model for Scalar Transport in Large-Eddy Simulations of 
         the Atmospheric Boundary Layer},
journal = blm,
year = {2004},
volume = {112},
pages = {81--105}
}

@book{Sagaut06,
author = {Sagaut, Pierre},
title = {Large Eddy Simulation for Incompressible flows: An Introduction},
publisher = {Springer-Verlag},
edition = {third},
address = {Berlin Heidelberg},
year = {2006},
pages = {556}
}

@article{Sarghini99,
author = {Sarghini, F. and Piomelli, Ugo and Balaras, Elias},
title = {Scale-Similar Models for Large-Eddy Simulations},
journal = pf,
year = {1999},
volume = {11(6)},
pages = {1596--1607}
}

@article{Schumann75,
author = {Schumann, U.},
title = {Subgrid Scale Model for Finite Difference Simulations of Turbulent Flows in Plane
         Channels and Annuli},
journal = jcp,
year = {1975},
volume = {18},
pages = {376--404}
}

@article{Scotti93,
author = {Scotti, A. and Meneveau, C and Lilly, D. K.},
title = {Generalized {S}magorinsky Model for Anisotropic Grids},
journal = pf,
year = {1993},
volume = {5},
pages = {2306--2308}
}

@article{Smag63,
author = {Smagorinsky, J.},
title = {General Circulation Experiments with the Primitive Equations, Part 1:
         the Basic Experiment},
journal = mwr,
year = {1963},
volume = {91},
pages = {99--164}
}

@article{Stoll06b,
author = {Stoll, Rob and Port\'{e}-Agel, Fernando},
title = {Effect of Roughness on Surface Boundary Conditions for Large-Eddy Simulation},
journal = blm,
year = {2006},
volume = {118},
pages = {169--187},
note = {DOI 10.1007/s10546-005-4735-2}
}

@article{Stoll06a,
author = {Stoll, Rob and Port\'{e}-Agel, Fernando},
title = {Dynamic Subgrid-Scale Models for Momentum and Scalar Fluxes in Large-Eddy
         Simulations of Neutrally Stratified Atmospheric Boundary Layers Over
         Heterogeneous Terrain},
journal = wrr,
year = {2006},
volume = {42},
pages = {W01409},
note = {DOI 10.1029/2005WR003989}
}

@article{Stoll07,
author = {Stoll, Rob and Port\'{e}-Agel, Fernando},
title = {Large-Eddy Simulation of the Stable Atmospheric Boundary Layer using Dynamic
         Models with Different Averaging Schemes},
journal = blm,
year = {2007},
note = {DOI 10.1007/s10546-007-9207-4}
}

@book{Stull88,
author = {Stull, Rowland B.},
title = {An Introduction to Boundary Layer Meteorology},
publisher = {Kluwer Academic Publishers},
year = {1988},
pages = {670},
address = {Dordrecht}
}

@article{Sullivan94,
author = {Sullivan, P. P. and McWilliams, J. C. and Moeng, C. -H.},
title = {A Subgrid-Scale Model for Large-Eddy Simulation of Planetary Boundary-Layer Flows},
journal = blm,
year = {1994},
volume = {71},
pages = {247--276}
}

@article{Vercauteren08,
author = {Vercauteren, Nikki and Bou-Zeid, Elie and Parlange, Marc and Lemmin, Ulrich and Huwald, Hendrik, and Selker, John and Meneveau, Charles},
title = {Subgrid-Scale Dynamics of Water Vapor, Heat, and Momentum Over a Lake},
journal = blm,
year = {2008},
volume = {128},
pages = {205--228}
}

@article{Zang93,
author = {Zang, Y. and Street, R. L. and Koseff, J. R.},
title = {A Dynamic Mixed Subgrid-Scale Model and its Application to Turbulent
         Recirculating Flows},
journal = pfa,
volume = {5},
year = {1993},
pages = {3186--3196}
}